% -----------------------------------------------------------------------------
% Main Paper
% -----------------------------------------------------------------------------

- Original Griffin paper

@inproceedings{ge2017_griffin,
  author    = {Xinyang Ge and
               Weidong Cui and
               Trent Jaeger},
  editor    = {Yunji Chen and
               Olivier Temam and
               John Carter},
  title     = {{GRIFFIN: Guarding Control Flows Using Intel Processor Trace}},
  booktitle = {Proceedings of the Twenty-Second International Conference on Architectural
               Support for Programming Languages and Operating Systems, {ASPLOS}
               2017, Xi'an, China, April 8-12, 2017},
  pages     = {585--598},
  publisher = {{ACM}},
  year      = {2017},
  url       = {https://doi.org/10.1145/3037697.3037716},
  doi       = {10.1145/3037697.3037716},
}

% -----------------------------------------------------------------------------
% Linux PT Support
% -----------------------------------------------------------------------------

- LWN article about adding PT support to Linux
- Might have some discussion about eBPF

@misc{kleen2015_linux_pt,
  author       = {Andi Kleen},
  title        = {{Adding Processor Trace Support to Linux}},
  organization = {{LWN.net}},
  year         = {2015},
  url          = {https://lwn.net/Articles/648154/},
  urldate      = {2020-02-18}
}

@inproceedings{carlini2015_cfi,
  author    = {Nicholas Carlini and
               Antonio Barresi and
               Mathias Payer and
               David A. Wagner and
               Thomas R. Gross},
  editor    = {Jaeyeon Jung and
               Thorsten Holz},
  title     = {{Control-Flow Bending: On the Effectiveness of Control-Flow Integrity}},
  booktitle = {24th {USENIX} Security Symposium, {USENIX} Security 15, Washington,
               D.C., USA, August 12-14, 2015},
  pages     = {161--176},
  publisher = {{USENIX} Association},
  year      = {2015},
  url       = {https://www.usenix.org/conference/usenixsecurity15/technical-sessions/presentation/carlini},
}
