@inproceedings{kocher2019_spectre,
  author    = {Paul Kocher and
               Jann Horn and
               Anders Fogh and
               Daniel Genkin and
               Daniel Gruss and
               Werner Haas and
               Mike Hamburg and
               Moritz Lipp and
               Stefan Mangard and
               Thomas Prescher and
               Michael Schwarz and
               Yuval Yarom},
  title     = {Spectre Attacks: Exploiting Speculative Execution},
  booktitle = {2019 {IEEE} Symposium on Security and Privacy, {SP} 2019, San Francisco,
               CA, USA, May 19-23, 2019},
  pages     = {1--19},
  publisher = {{IEEE}},
  year      = {2019},
  url       = {https://doi.org/10.1109/SP.2019.00002},
  doi       = {10.1109/SP.2019.00002},
}

@inproceedings{lipp2018_meltdown,
  author    = {Moritz Lipp and
               Michael Schwarz and
               Daniel Gruss and
               Thomas Prescher and
               Werner Haas and
               Anders Fogh and
               Jann Horn and
               Stefan Mangard and
               Paul Kocher and
               Daniel Genkin and
               Yuval Yarom and
               Mike Hamburg},
  editor    = {William Enck and
               Adrienne Porter Felt},
  title     = {Meltdown: Reading Kernel Memory from User Space},
  booktitle = {27th {USENIX} Security Symposium, {USENIX} Security 2018, Baltimore,
               MD, USA, August 15-17, 2018},
  pages     = {973--990},
  publisher = {{USENIX} Association},
  year      = {2018},
  url       = {https://www.usenix.org/conference/usenixsecurity18/presentation/lipp},
}

